%YAML 1.1
%TAG !u! tag:unity3d.com,2011:
--- !u!54 &1742354606
Rigidbody:
  m_ObjectHideFlags: 0
  m_CorrespondingSourceObject: {fileID: 0}
  m_PrefabInstance: {fileID: 0}
  m_PrefabAsset: {fileID: 0}
  m_GameObject: {fileID: 6856663358476938691}
  serializedVersion: 2
  m_Mass: 1
  m_Drag: 0
  m_AngularDrag: 0.05
  m_UseGravity: 1
  m_IsKinematic: 0
  m_Interpolate: 0
  m_Constraints: 0
  m_CollisionDetection: 0
--- !u!135 &1734464787237172506
SphereCollider:
  m_ObjectHideFlags: 0
  m_CorrespondingSourceObject: {fileID: 0}
  m_PrefabInstance: {fileID: 0}
  m_PrefabAsset: {fileID: 0}
  m_GameObject: {fileID: 6856663358476938691}
  m_Material: {fileID: 0}
  m_IsTrigger: 1
  m_Enabled: 1
  serializedVersion: 2
  m_Radius: 0.02757582
  m_Center: {x: -0.000000059183478, y: 0.24743563, z: 0.13643074}
--- !u!64 &8444853792297980552
MeshCollider:
  m_ObjectHideFlags: 0
  m_CorrespondingSourceObject: {fileID: 0}
  m_PrefabInstance: {fileID: 0}
  m_PrefabAsset: {fileID: 0}
  m_GameObject: {fileID: 6856663358476938691}
  m_Material: {fileID: 0}
  m_IsTrigger: 0
  m_Enabled: 1
  serializedVersion: 3
  m_Convex: 1
  m_CookingOptions: 30
  m_Mesh: {fileID: -6524197598013150541, guid: 60d6271b6cdda41469bc6a4bb6fe1756, type: 3}
--- !u!114 &1742354605
MonoBehaviour:
  m_ObjectHideFlags: 0
  m_CorrespondingSourceObject: {fileID: 0}
  m_PrefabInstance: {fileID: 0}
  m_PrefabAsset: {fileID: 0}
  m_GameObject: {fileID: 6856663358476938691}
  m_Enabled: 1
  m_EditorHideFlags: 0
  m_Script: {fileID: 11500000, guid: 00d92186232d05e4cb68877d49f062b1, type: 3}
  m_Name: 
  m_EditorClassIdentifier: 
  SnapTo: {fileID: 0}
  Value:
    actionPath: 
    needsReinit: 0
  Hand: 0
--- !u!114 &2553001427321533647
MonoBehaviour:
  m_ObjectHideFlags: 0
  m_CorrespondingSourceObject: {fileID: 0}
  m_PrefabInstance: {fileID: 0}
  m_PrefabAsset: {fileID: 0}
  m_GameObject: {fileID: 6856663358476938691}
  m_Enabled: 1
  m_EditorHideFlags: 0
  m_Script: {fileID: 11500000, guid: 6a3dfbaa1a5f5cc4b8a2eaef5c4941cc, type: 3}
  m_Name: 
  m_EditorClassIdentifier: 
  particleSystem: {fileID: 3172275665687554432}
--- !u!64 &1742354602
MeshCollider:
  m_ObjectHideFlags: 0
  m_CorrespondingSourceObject: {fileID: 0}
  m_PrefabInstance: {fileID: 0}
  m_PrefabAsset: {fileID: 0}
  m_GameObject: {fileID: 7686267828630176587}
  m_Material: {fileID: 0}
  m_IsTrigger: 0
  m_Enabled: 1
  serializedVersion: 3
  m_Convex: 1
  m_CookingOptions: 30
  m_Mesh: {fileID: 4096052549235661535, guid: 60d6271b6cdda41469bc6a4bb6fe1756, type: 3}
--- !u!1001 &3172275665701663824
PrefabInstance:
  m_ObjectHideFlags: 0
  serializedVersion: 2
  m_Modification:
    m_TransformParent: {fileID: 7601120867160072144}
    m_Modifications:
    - target: {fileID: 153856, guid: 5bf45ecb4fdcb9d4b816f05eb56bfbaf, type: 3}
      propertyPath: m_Name
      value: Fire_Frost_Candle_Tall
      objectReference: {fileID: 0}
    - target: {fileID: 153856, guid: 5bf45ecb4fdcb9d4b816f05eb56bfbaf, type: 3}
      propertyPath: m_Layer
      value: 8
      objectReference: {fileID: 0}
    - target: {fileID: 484520, guid: 5bf45ecb4fdcb9d4b816f05eb56bfbaf, type: 3}
      propertyPath: m_LocalPosition.x
      value: 0
      objectReference: {fileID: 0}
    - target: {fileID: 484520, guid: 5bf45ecb4fdcb9d4b816f05eb56bfbaf, type: 3}
      propertyPath: m_LocalPosition.y
      value: 0.2486
      objectReference: {fileID: 0}
    - target: {fileID: 484520, guid: 5bf45ecb4fdcb9d4b816f05eb56bfbaf, type: 3}
      propertyPath: m_LocalPosition.z
      value: 0.1119
      objectReference: {fileID: 0}
    - target: {fileID: 484520, guid: 5bf45ecb4fdcb9d4b816f05eb56bfbaf, type: 3}
      propertyPath: m_LocalRotation.x
      value: 0.04285653
      objectReference: {fileID: 0}
    - target: {fileID: 484520, guid: 5bf45ecb4fdcb9d4b816f05eb56bfbaf, type: 3}
      propertyPath: m_LocalRotation.y
      value: 0.00000008940697
      objectReference: {fileID: 0}
    - target: {fileID: 484520, guid: 5bf45ecb4fdcb9d4b816f05eb56bfbaf, type: 3}
      propertyPath: m_LocalRotation.z
      value: -0.00000007636845
      objectReference: {fileID: 0}
    - target: {fileID: 484520, guid: 5bf45ecb4fdcb9d4b816f05eb56bfbaf, type: 3}
      propertyPath: m_LocalRotation.w
      value: 0.99908125
      objectReference: {fileID: 0}
    - target: {fileID: 484520, guid: 5bf45ecb4fdcb9d4b816f05eb56bfbaf, type: 3}
      propertyPath: m_RootOrder
      value: 6
      objectReference: {fileID: 0}
    - target: {fileID: 484520, guid: 5bf45ecb4fdcb9d4b816f05eb56bfbaf, type: 3}
      propertyPath: m_LocalEulerAnglesHint.x
      value: 4.913
      objectReference: {fileID: 0}
    - target: {fileID: 484520, guid: 5bf45ecb4fdcb9d4b816f05eb56bfbaf, type: 3}
      propertyPath: m_LocalEulerAnglesHint.y
      value: 0
      objectReference: {fileID: 0}
    - target: {fileID: 484520, guid: 5bf45ecb4fdcb9d4b816f05eb56bfbaf, type: 3}
      propertyPath: m_LocalEulerAnglesHint.z
      value: 0
      objectReference: {fileID: 0}
    - target: {fileID: 19881424, guid: 5bf45ecb4fdcb9d4b816f05eb56bfbaf, type: 3}
      propertyPath: EmissionModule.rateOverTime.scalar
      value: 35
      objectReference: {fileID: 0}
    - target: {fileID: 19881424, guid: 5bf45ecb4fdcb9d4b816f05eb56bfbaf, type: 3}
      propertyPath: simulationSpeed
      value: 5
      objectReference: {fileID: 0}
    m_RemovedComponents: []
  m_SourcePrefab: {fileID: 100100000, guid: 5bf45ecb4fdcb9d4b816f05eb56bfbaf, type: 3}
--- !u!198 &3172275665687554432 stripped
ParticleSystem:
  m_CorrespondingSourceObject: {fileID: 19881424, guid: 5bf45ecb4fdcb9d4b816f05eb56bfbaf,
    type: 3}
  m_PrefabInstance: {fileID: 3172275665701663824}
  m_PrefabAsset: {fileID: 0}
--- !u!1001 &3172275667391427786
PrefabInstance:
  m_ObjectHideFlags: 0
  serializedVersion: 2
  m_Modification:
    m_TransformParent: {fileID: 0}
    m_Modifications:
    - target: {fileID: -9108067967064199640, guid: 60d6271b6cdda41469bc6a4bb6fe1756,
        type: 3}
      propertyPath: m_Materials.Array.data[0]
      value: 
      objectReference: {fileID: 2100000, guid: d9d1dc30cc6b88d4581661ad251d408d, type: 2}
    - target: {fileID: -5509475598681590998, guid: 60d6271b6cdda41469bc6a4bb6fe1756,
        type: 3}
      propertyPath: m_Layer
      value: 8
      objectReference: {fileID: 0}
    - target: {fileID: -4369219893825763096, guid: 60d6271b6cdda41469bc6a4bb6fe1756,
        type: 3}
      propertyPath: m_Materials.Array.data[0]
      value: 
      objectReference: {fileID: 2100000, guid: d9d1dc30cc6b88d4581661ad251d408d, type: 2}
    - target: {fileID: -4216859302048453862, guid: 60d6271b6cdda41469bc6a4bb6fe1756,
        type: 3}
      propertyPath: m_LocalPosition.x
      value: 145.153
      objectReference: {fileID: 0}
    - target: {fileID: -4216859302048453862, guid: 60d6271b6cdda41469bc6a4bb6fe1756,
        type: 3}
      propertyPath: m_LocalPosition.y
      value: 28.46
      objectReference: {fileID: 0}
    - target: {fileID: -4216859302048453862, guid: 60d6271b6cdda41469bc6a4bb6fe1756,
        type: 3}
      propertyPath: m_LocalPosition.z
      value: 121.89684
      objectReference: {fileID: 0}
    - target: {fileID: -4216859302048453862, guid: 60d6271b6cdda41469bc6a4bb6fe1756,
        type: 3}
      propertyPath: m_LocalRotation.x
      value: -0
      objectReference: {fileID: 0}
    - target: {fileID: -4216859302048453862, guid: 60d6271b6cdda41469bc6a4bb6fe1756,
        type: 3}
      propertyPath: m_LocalRotation.y
      value: 0.9814965
      objectReference: {fileID: 0}
    - target: {fileID: -4216859302048453862, guid: 60d6271b6cdda41469bc6a4bb6fe1756,
        type: 3}
      propertyPath: m_LocalRotation.z
      value: -0
      objectReference: {fileID: 0}
    - target: {fileID: -4216859302048453862, guid: 60d6271b6cdda41469bc6a4bb6fe1756,
        type: 3}
      propertyPath: m_LocalRotation.w
      value: 0.19148022
      objectReference: {fileID: 0}
    - target: {fileID: -4216859302048453862, guid: 60d6271b6cdda41469bc6a4bb6fe1756,
        type: 3}
      propertyPath: m_RootOrder
      value: 0
      objectReference: {fileID: 0}
    - target: {fileID: -4216859302048453862, guid: 60d6271b6cdda41469bc6a4bb6fe1756,
        type: 3}
      propertyPath: m_LocalEulerAnglesHint.x
      value: 0
      objectReference: {fileID: 0}
    - target: {fileID: -4216859302048453862, guid: 60d6271b6cdda41469bc6a4bb6fe1756,
        type: 3}
      propertyPath: m_LocalEulerAnglesHint.y
      value: 157.92201
      objectReference: {fileID: 0}
    - target: {fileID: -4216859302048453862, guid: 60d6271b6cdda41469bc6a4bb6fe1756,
        type: 3}
      propertyPath: m_LocalEulerAnglesHint.z
      value: 0
      objectReference: {fileID: 0}
    - target: {fileID: -3736373697771804403, guid: 60d6271b6cdda41469bc6a4bb6fe1756,
        type: 3}
      propertyPath: m_Materials.Array.data[0]
      value: 
      objectReference: {fileID: 2100000, guid: d9d1dc30cc6b88d4581661ad251d408d, type: 2}
    - target: {fileID: -2884324039769918783, guid: 60d6271b6cdda41469bc6a4bb6fe1756,
        type: 3}
      propertyPath: m_Layer
      value: 8
      objectReference: {fileID: 0}
    - target: {fileID: -2417255712241724374, guid: 60d6271b6cdda41469bc6a4bb6fe1756,
        type: 3}
      propertyPath: m_Layer
      value: 8
      objectReference: {fileID: 0}
    - target: {fileID: -927199367670048503, guid: 60d6271b6cdda41469bc6a4bb6fe1756,
        type: 3}
      propertyPath: m_Name
      value: Blowtorch
      objectReference: {fileID: 0}
    - target: {fileID: -927199367670048503, guid: 60d6271b6cdda41469bc6a4bb6fe1756,
        type: 3}
      propertyPath: m_Layer
      value: 8
      objectReference: {fileID: 0}
    - target: {fileID: 3288383168842147715, guid: 60d6271b6cdda41469bc6a4bb6fe1756,
        type: 3}
      propertyPath: m_Layer
      value: 8
      objectReference: {fileID: 0}
    - target: {fileID: 4509340994181637599, guid: 60d6271b6cdda41469bc6a4bb6fe1756,
        type: 3}
      propertyPath: m_Layer
      value: 8
      objectReference: {fileID: 0}
    - target: {fileID: 5092784154428897153, guid: 60d6271b6cdda41469bc6a4bb6fe1756,
        type: 3}
      propertyPath: m_Layer
      value: 8
      objectReference: {fileID: 0}
    - target: {fileID: 6648682328335869304, guid: 60d6271b6cdda41469bc6a4bb6fe1756,
        type: 3}
      propertyPath: m_Materials.Array.data[0]
      value: 
      objectReference: {fileID: 2100000, guid: d9d1dc30cc6b88d4581661ad251d408d, type: 2}
    - target: {fileID: 7778966900612212183, guid: 60d6271b6cdda41469bc6a4bb6fe1756,
        type: 3}
      propertyPath: m_Materials.Array.data[0]
      value: 
      objectReference: {fileID: 2100000, guid: d9d1dc30cc6b88d4581661ad251d408d, type: 2}
    m_RemovedComponents: []
  m_SourcePrefab: {fileID: 100100000, guid: 60d6271b6cdda41469bc6a4bb6fe1756, type: 3}
--- !u!1 &6856663358476938691 stripped
GameObject:
  m_CorrespondingSourceObject: {fileID: -927199367670048503, guid: 60d6271b6cdda41469bc6a4bb6fe1756,
    type: 3}
  m_PrefabInstance: {fileID: 3172275667391427786}
  m_PrefabAsset: {fileID: 0}
--- !u!4 &7601120867160072144 stripped
Transform:
  m_CorrespondingSourceObject: {fileID: -4216859302048453862, guid: 60d6271b6cdda41469bc6a4bb6fe1756,
    type: 3}
  m_PrefabInstance: {fileID: 3172275667391427786}
  m_PrefabAsset: {fileID: 0}
--- !u!1 &7686267828630176587 stripped
GameObject:
  m_CorrespondingSourceObject: {fileID: 5092784154428897153, guid: 60d6271b6cdda41469bc6a4bb6fe1756,
    type: 3}
  m_PrefabInstance: {fileID: 3172275667391427786}
  m_PrefabAsset: {fileID: 0}
