%YAML 1.1
%TAG !u! tag:unity3d.com,2011:
--- !u!1 &104202549
GameObject:
  m_ObjectHideFlags: 0
  m_CorrespondingSourceObject: {fileID: 0}
  m_PrefabInstance: {fileID: 0}
  m_PrefabAsset: {fileID: 0}
  serializedVersion: 6
  m_Component:
  - component: {fileID: 104202550}
  - component: {fileID: 104202553}
  - component: {fileID: 104202551}
  m_Layer: 0
  m_Name: Base
  m_TagString: Untagged
  m_Icon: {fileID: 0}
  m_NavMeshLayer: 0
  m_StaticEditorFlags: 0
  m_IsActive: 1
--- !u!4 &104202550
Transform:
  m_ObjectHideFlags: 0
  m_CorrespondingSourceObject: {fileID: 0}
  m_PrefabInstance: {fileID: 0}
  m_PrefabAsset: {fileID: 0}
  m_GameObject: {fileID: 104202549}
  m_LocalRotation: {x: 0.7071068, y: 0, z: 0, w: 0.7071068}
  m_LocalPosition: {x: 0, y: 0, z: 0.0026}
  m_LocalScale: {x: 0.04019425, y: 0.0022950917, z: 0.04019425}
  m_Children: []
  m_Father: {fileID: 7965046787305237348}
  m_RootOrder: 0
  m_LocalEulerAnglesHint: {x: 90, y: 0, z: 0}
--- !u!33 &104202553
MeshFilter:
  m_ObjectHideFlags: 0
  m_CorrespondingSourceObject: {fileID: 0}
  m_PrefabInstance: {fileID: 0}
  m_PrefabAsset: {fileID: 0}
  m_GameObject: {fileID: 104202549}
  m_Mesh: {fileID: 10206, guid: 0000000000000000e000000000000000, type: 0}
--- !u!64 &104202551
MeshCollider:
  m_ObjectHideFlags: 0
  m_CorrespondingSourceObject: {fileID: 0}
  m_PrefabInstance: {fileID: 0}
  m_PrefabAsset: {fileID: 0}
  m_GameObject: {fileID: 104202549}
  m_Material: {fileID: 0}
  m_IsTrigger: 0
  m_Enabled: 1
  serializedVersion: 3
  m_Convex: 1
  m_CookingOptions: 30
  m_Mesh: {fileID: 10206, guid: 0000000000000000e000000000000000, type: 0}
--- !u!1 &140866175
GameObject:
  m_ObjectHideFlags: 0
  m_CorrespondingSourceObject: {fileID: 0}
  m_PrefabInstance: {fileID: 0}
  m_PrefabAsset: {fileID: 0}
  serializedVersion: 6
  m_Component:
  - component: {fileID: 140866176}
  - component: {fileID: 140866178}
  m_Layer: 10
  m_Name: Point0
  m_TagString: Untagged
  m_Icon: {fileID: 0}
  m_NavMeshLayer: 0
  m_StaticEditorFlags: 0
  m_IsActive: 1
--- !u!4 &140866176
Transform:
  m_ObjectHideFlags: 0
  m_CorrespondingSourceObject: {fileID: 0}
  m_PrefabInstance: {fileID: 0}
  m_PrefabAsset: {fileID: 0}
  m_GameObject: {fileID: 140866175}
  m_LocalRotation: {x: 0.7071068, y: 0, z: 0, w: 0.7071068}
  m_LocalPosition: {x: -0, y: -0, z: 0.029}
  m_LocalScale: {x: 1, y: 1, z: 1}
  m_Children: []
  m_Father: {fileID: 7965046787305237348}
  m_RootOrder: 1
  m_LocalEulerAnglesHint: {x: 90, y: 0, z: 0}
--- !u!33 &140866178
MeshFilter:
  m_ObjectHideFlags: 0
  m_CorrespondingSourceObject: {fileID: 0}
  m_PrefabInstance: {fileID: 0}
  m_PrefabAsset: {fileID: 0}
  m_GameObject: {fileID: 140866175}
  m_Mesh: {fileID: 10206, guid: 0000000000000000e000000000000000, type: 0}
--- !u!1 &734492075
GameObject:
  m_ObjectHideFlags: 0
  m_CorrespondingSourceObject: {fileID: 0}
  m_PrefabInstance: {fileID: 0}
  m_PrefabAsset: {fileID: 0}
  serializedVersion: 6
  m_Component:
  - component: {fileID: 734492076}
  m_Layer: 0
  m_Name: Point1
  m_TagString: Untagged
  m_Icon: {fileID: 0}
  m_NavMeshLayer: 0
  m_StaticEditorFlags: 0
  m_IsActive: 1
--- !u!4 &734492076
Transform:
  m_ObjectHideFlags: 0
  m_CorrespondingSourceObject: {fileID: 0}
  m_PrefabInstance: {fileID: 0}
  m_PrefabAsset: {fileID: 0}
  m_GameObject: {fileID: 734492075}
  m_LocalRotation: {x: 0, y: 0, z: 0, w: 1}
  m_LocalPosition: {x: 0, y: -0, z: 0.0051}
  m_LocalScale: {x: 1, y: 1, z: 1}
  m_Children: []
  m_Father: {fileID: 7965046787305237348}
  m_RootOrder: 2
  m_LocalEulerAnglesHint: {x: 0, y: 0, z: 0}
--- !u!65 &588957104
BoxCollider:
  m_ObjectHideFlags: 0
  m_CorrespondingSourceObject: {fileID: 0}
  m_PrefabInstance: {fileID: 0}
  m_PrefabAsset: {fileID: 0}
  m_GameObject: {fileID: 6400422124227860855}
  m_Material: {fileID: 0}
  m_IsTrigger: 0
  m_Enabled: 1
  serializedVersion: 2
  m_Size: {x: 0.0055512767, y: 0.0077251387, z: 0.030113256}
  m_Center: {x: 0.020213433, y: -0.000026959651, z: 0.015056603}
--- !u!114 &3166931126570168339
MonoBehaviour:
  m_ObjectHideFlags: 0
  m_CorrespondingSourceObject: {fileID: 0}
  m_PrefabInstance: {fileID: 0}
  m_PrefabAsset: {fileID: 0}
  m_GameObject: {fileID: 6400422124227860855}
  m_Enabled: 1
  m_EditorHideFlags: 0
  m_Script: {fileID: 11500000, guid: 69ceb02bb9eabe549849a9f6bc7a342f, type: 3}
  m_Name: 
  m_EditorClassIdentifier: 
  Point0: {fileID: 140866176}
  Point1: {fileID: 734492076}
  ButtonText: {fileID: 3166931126818394027}
--- !u!1001 &3166931127070376062
PrefabInstance:
  m_ObjectHideFlags: 0
  serializedVersion: 2
  m_Modification:
    m_TransformParent: {fileID: 0}
    m_Modifications:
    - target: {fileID: -4216859302048453862, guid: b1a07487217feef41a377e3832f47afc,
        type: 3}
      propertyPath: m_LocalPosition.x
      value: -2.09
      objectReference: {fileID: 0}
    - target: {fileID: -4216859302048453862, guid: b1a07487217feef41a377e3832f47afc,
        type: 3}
      propertyPath: m_LocalPosition.y
      value: -0
      objectReference: {fileID: 0}
    - target: {fileID: -4216859302048453862, guid: b1a07487217feef41a377e3832f47afc,
        type: 3}
      propertyPath: m_LocalPosition.z
      value: 2.79
      objectReference: {fileID: 0}
    - target: {fileID: -4216859302048453862, guid: b1a07487217feef41a377e3832f47afc,
        type: 3}
      propertyPath: m_LocalRotation.x
      value: -0.45694306
      objectReference: {fileID: 0}
    - target: {fileID: -4216859302048453862, guid: b1a07487217feef41a377e3832f47afc,
        type: 3}
      propertyPath: m_LocalRotation.y
      value: 0.53963256
      objectReference: {fileID: 0}
    - target: {fileID: -4216859302048453862, guid: b1a07487217feef41a377e3832f47afc,
        type: 3}
      propertyPath: m_LocalRotation.z
      value: 0.5396323
      objectReference: {fileID: 0}
    - target: {fileID: -4216859302048453862, guid: b1a07487217feef41a377e3832f47afc,
        type: 3}
      propertyPath: m_LocalRotation.w
      value: 0.4569429
      objectReference: {fileID: 0}
    - target: {fileID: -4216859302048453862, guid: b1a07487217feef41a377e3832f47afc,
        type: 3}
      propertyPath: m_RootOrder
      value: 0
      objectReference: {fileID: 0}
    - target: {fileID: -4216859302048453862, guid: b1a07487217feef41a377e3832f47afc,
        type: 3}
      propertyPath: m_LocalEulerAnglesHint.x
      value: -90.00001
      objectReference: {fileID: 0}
    - target: {fileID: -4216859302048453862, guid: b1a07487217feef41a377e3832f47afc,
        type: 3}
      propertyPath: m_LocalEulerAnglesHint.y
      value: 0
      objectReference: {fileID: 0}
    - target: {fileID: -4216859302048453862, guid: b1a07487217feef41a377e3832f47afc,
        type: 3}
      propertyPath: m_LocalEulerAnglesHint.z
      value: 99.48601
      objectReference: {fileID: 0}
    - target: {fileID: -4216859302048453862, guid: b1a07487217feef41a377e3832f47afc,
        type: 3}
      propertyPath: m_LocalScale.x
      value: 59.325394
      objectReference: {fileID: 0}
    - target: {fileID: -4216859302048453862, guid: b1a07487217feef41a377e3832f47afc,
        type: 3}
      propertyPath: m_LocalScale.y
      value: 59.325394
      objectReference: {fileID: 0}
    - target: {fileID: -4216859302048453862, guid: b1a07487217feef41a377e3832f47afc,
        type: 3}
      propertyPath: m_LocalScale.z
      value: 59.325394
      objectReference: {fileID: 0}
    - target: {fileID: -1504981713932161579, guid: b1a07487217feef41a377e3832f47afc,
        type: 3}
      propertyPath: m_Materials.Array.data[1]
      value: 
      objectReference: {fileID: 2100000, guid: 9c78c508a0a74e5499e534ccd5af7bc5, type: 2}
    - target: {fileID: -1504981713932161579, guid: b1a07487217feef41a377e3832f47afc,
        type: 3}
      propertyPath: m_Materials.Array.data[0]
      value: 
      objectReference: {fileID: 2100000, guid: 660d36fd63a828c40af2b78b0737b4e8, type: 2}
    - target: {fileID: -927199367670048503, guid: b1a07487217feef41a377e3832f47afc,
        type: 3}
      propertyPath: m_Name
      value: ZeroGravity
      objectReference: {fileID: 0}
    m_RemovedComponents: []
  m_SourcePrefab: {fileID: 100100000, guid: b1a07487217feef41a377e3832f47afc, type: 3}
--- !u!1 &6400422124227860855 stripped
GameObject:
  m_CorrespondingSourceObject: {fileID: -927199367670048503, guid: b1a07487217feef41a377e3832f47afc,
    type: 3}
  m_PrefabInstance: {fileID: 3166931127070376062}
  m_PrefabAsset: {fileID: 0}
--- !u!4 &7965046787305237348 stripped
Transform:
  m_CorrespondingSourceObject: {fileID: -4216859302048453862, guid: b1a07487217feef41a377e3832f47afc,
    type: 3}
  m_PrefabInstance: {fileID: 3166931127070376062}
  m_PrefabAsset: {fileID: 0}
--- !u!1001 &3205581968517345517
PrefabInstance:
  m_ObjectHideFlags: 0
  serializedVersion: 2
  m_Modification:
    m_TransformParent: {fileID: 7965046787305237348}
    m_Modifications:
    - target: {fileID: 544848442295762384, guid: f0172a0d4bb61654e8e1d80e626ca19b,
        type: 3}
      propertyPath: m_OnClick.m_PersistentCalls.m_Calls.Array.data[0].m_Target
      value: 
      objectReference: {fileID: 3166931126570168339}
    - target: {fileID: 544848442316718968, guid: f0172a0d4bb61654e8e1d80e626ca19b,
        type: 3}
      propertyPath: m_Camera
      value: 
      objectReference: {fileID: 0}
    - target: {fileID: 544848442534602647, guid: f0172a0d4bb61654e8e1d80e626ca19b,
        type: 3}
      propertyPath: m_LocalPosition.x
      value: 0.020163989
      objectReference: {fileID: 0}
    - target: {fileID: 544848442534602647, guid: f0172a0d4bb61654e8e1d80e626ca19b,
        type: 3}
      propertyPath: m_LocalPosition.y
      value: -0.0037966012
      objectReference: {fileID: 0}
    - target: {fileID: 544848442534602647, guid: f0172a0d4bb61654e8e1d80e626ca19b,
        type: 3}
      propertyPath: m_LocalPosition.z
      value: 0.025469715
      objectReference: {fileID: 0}
    - target: {fileID: 544848442534602647, guid: f0172a0d4bb61654e8e1d80e626ca19b,
        type: 3}
      propertyPath: m_LocalRotation.x
      value: 0.5
      objectReference: {fileID: 0}
    - target: {fileID: 544848442534602647, guid: f0172a0d4bb61654e8e1d80e626ca19b,
        type: 3}
      propertyPath: m_LocalRotation.y
      value: -0.5
      objectReference: {fileID: 0}
    - target: {fileID: 544848442534602647, guid: f0172a0d4bb61654e8e1d80e626ca19b,
        type: 3}
      propertyPath: m_LocalRotation.z
      value: -0.5
      objectReference: {fileID: 0}
    - target: {fileID: 544848442534602647, guid: f0172a0d4bb61654e8e1d80e626ca19b,
        type: 3}
      propertyPath: m_LocalRotation.w
      value: 0.5
      objectReference: {fileID: 0}
    - target: {fileID: 544848442534602647, guid: f0172a0d4bb61654e8e1d80e626ca19b,
        type: 3}
      propertyPath: m_RootOrder
      value: 3
      objectReference: {fileID: 0}
    - target: {fileID: 544848442534602647, guid: f0172a0d4bb61654e8e1d80e626ca19b,
        type: 3}
      propertyPath: m_LocalEulerAnglesHint.x
      value: 0
      objectReference: {fileID: 0}
    - target: {fileID: 544848442534602647, guid: f0172a0d4bb61654e8e1d80e626ca19b,
        type: 3}
      propertyPath: m_LocalEulerAnglesHint.y
      value: -90.00001
      objectReference: {fileID: 0}
    - target: {fileID: 544848442534602647, guid: f0172a0d4bb61654e8e1d80e626ca19b,
        type: 3}
      propertyPath: m_LocalEulerAnglesHint.z
      value: -90.00001
      objectReference: {fileID: 0}
    - target: {fileID: 544848442534602647, guid: f0172a0d4bb61654e8e1d80e626ca19b,
        type: 3}
      propertyPath: m_LocalScale.x
      value: 0.0007010685
      objectReference: {fileID: 0}
    - target: {fileID: 544848442534602647, guid: f0172a0d4bb61654e8e1d80e626ca19b,
        type: 3}
      propertyPath: m_LocalScale.y
      value: 0.0036744932
      objectReference: {fileID: 0}
    - target: {fileID: 544848442534602647, guid: f0172a0d4bb61654e8e1d80e626ca19b,
        type: 3}
      propertyPath: m_LocalScale.z
      value: 0.0059378017
      objectReference: {fileID: 0}
    - target: {fileID: 544848442534602651, guid: f0172a0d4bb61654e8e1d80e626ca19b,
        type: 3}
      propertyPath: m_Name
      value: Button
      objectReference: {fileID: 0}
    m_RemovedComponents: []
  m_SourcePrefab: {fileID: 100100000, guid: f0172a0d4bb61654e8e1d80e626ca19b, type: 3}
--- !u!114 &3166931126818394027 stripped
MonoBehaviour:
  m_CorrespondingSourceObject: {fileID: 544848442942095174, guid: f0172a0d4bb61654e8e1d80e626ca19b,
    type: 3}
  m_PrefabInstance: {fileID: 3205581968517345517}
  m_PrefabAsset: {fileID: 0}
  m_GameObject: {fileID: 0}
  m_Enabled: 1
  m_EditorHideFlags: 0
  m_Script: {fileID: 11500000, guid: 5f7201a12d95ffc409449d95f23cf332, type: 3}
  m_Name: 
  m_EditorClassIdentifier: 
